%% This BibTeX bibliography file was created using BibDesk.
%% http://bibdesk.sourceforge.net/


%% Created for cj at 2013-05-08 22:47:50 -0400 


%% Saved with string encoding Unicode (UTF-8) 



@webpage{corel,
	Author = {{Corel Corporation}},
	Date-Added = {2013-05-09 02:46:44 +0000},
	Date-Modified = {2013-05-09 02:47:50 +0000},
	Lastchecked = {April 30 2013},
	Url = {http://www.corel.com/corel/pages/index.jsp?pgid=14500169&storeKey=us&languageCode=en},
	Year = {2013}}

@webpage{unity,
	Author = {{Unity Technologies}},
	Date-Added = {2013-05-02 03:24:10 +0000},
	Date-Modified = {2013-05-02 03:25:06 +0000},
	Keywords = {Unity},
	Title = {{Unity SDK}},
	Url = {http://unity3d.com/},
	Year = {2013},
	Bdsk-Url-1 = {http://unity3d.com/}}

@webpage{theverge,
	Abstract = {Picture Reference},
	Author = {David Pierce},
	Date-Added = {2013-05-02 01:30:02 +0000},
	Date-Modified = {2013-05-02 01:31:44 +0000},
	Lastchecked = {April 30 2013},
	Month = {June 26},
	Publisher = {The Verge},
	Title = {A look inside Leap Motion, the 3D gesture control that's like Kinect on steroids},
	Url = {http://www.theverge.com/2012/6/26/3118592/leap-motion-gesture-controls},
	Year = {2012},
	Bdsk-Url-1 = {http://www.theverge.com/2012/6/26/3118592/leap-motion-gesture-controls}}

@article{Ruparelia:2010:SDL:1764810.1764814,
	Acmid = {1764814},
	Address = {New York, NY, USA},
	Author = {Ruparelia, Nayan B.},
	Date-Added = {2013-05-02 01:05:12 +0000},
	Date-Modified = {2013-05-02 01:05:12 +0000},
	Doi = {10.1145/1764810.1764814},
	Issn = {0163-5948},
	Issue_Date = {May 2010},
	Journal = {SIGSOFT Softw. Eng. Notes},
	Keywords = {B-model, RAD, SDLC, SEN history column, Vmodel, incremental, spiral, unified, waterfall, wheel-and-spoke},
	Month = may,
	Number = {3},
	Numpages = {6},
	Pages = {8--13},
	Publisher = {ACM},
	Title = {Software development lifecycle models},
	Url = {http://doi.acm.org/10.1145/1764810.1764814},
	Volume = {35},
	Year = {2010},
	Bdsk-Url-1 = {http://doi.acm.org/10.1145/1764810.1764814},
	Bdsk-Url-2 = {http://dx.doi.org/10.1145/1764810.1764814}}

@inproceedings{Stettina:2011:NNE:2038476.2038509,
	Acmid = {2038509},
	Address = {New York, NY, USA},
	Author = {Stettina, Christoph Johann and Heijstek, Werner},
	Booktitle = {Proceedings of the 29th ACM international conference on Design of communication},
	Date-Added = {2013-05-02 00:53:04 +0000},
	Date-Modified = {2013-05-02 00:53:04 +0000},
	Doi = {10.1145/2038476.2038509},
	Isbn = {978-1-4503-0936-3},
	Keywords = {agile software development, documentation, empirical study},
	Location = {Pisa, Italy},
	Numpages = {8},
	Pages = {159--166},
	Publisher = {ACM},
	Series = {SIGDOC '11},
	Title = {Necessary and neglected?: an empirical study of internal documentation in agile software development teams},
	Url = {http://doi.acm.org/10.1145/2038476.2038509},
	Year = {2011},
	Bdsk-Url-1 = {http://doi.acm.org/10.1145/2038476.2038509},
	Bdsk-Url-2 = {http://dx.doi.org/10.1145/2038476.2038509}}

@url{GRT,
	Author = {Nick Gillian},
	Date-Added = {2013-04-30 19:23:46 +0000},
	Date-Modified = {2013-05-01 18:39:48 +0000},
	Lastchecked = {April 2013},
	Title = {Gesture Recognition Toolkit},
	Url = {https://code.google.com/p/gesture-recognition-toolkit/},
	Bdsk-Url-1 = {https://code.google.com/p/gesture-recognition-toolkit/}}

@url{cccontrolextension,
	Author = {Yannick Loriot},
	Date-Added = {2013-04-30 19:21:11 +0000},
	Date-Modified = {2013-04-30 19:22:00 +0000},
	Keywords = {cccontrolextension},
	Lastchecked = {April 2013},
	Title = {CCControlExtension},
	Url = {https://github.com/YannickL/CCControlExtension},
	Bdsk-Url-1 = {https://github.com/YannickL/CCControlExtension}}

@url{cocos2d,
	Author = {{Community Project}},
	Date-Added = {2013-04-30 19:17:18 +0000},
	Date-Modified = {2013-05-01 18:46:17 +0000},
	Keywords = {cocos2d},
	Lastchecked = {April 2013},
	Title = {Cocos2d Game Engine Framework},
	Url = {http://www.cocos2d-iphone.org/},
	Urldate = {April 2013},
	Bdsk-Url-1 = {http://www.cocos2d-iphone.org/}}

@url{appleapi,
	Annote = {http://developer.apple.com},
	Author = {{Apple Computer Inc.}},
	Date-Added = {2013-04-29 17:14:39 +0000},
	Date-Modified = {2013-05-01 18:43:40 +0000},
	Keywords = {appleapi},
	Lastchecked = {April 2013},
	Organization = {{Apple Computer Inc.}},
	Rating = {3},
	Read = {0},
	Title = {{Mac OS and iOS API}},
	Url = {http://developer.apple.com},
	Urldate = {2013},
	Year = {2013},
	Bdsk-Url-1 = {http://tex.stackexchange.com/questions/37581/latex-figures-side-by-side}}

@url{breakout,
	Annote = {http://www.raywenderlich.com/28604/how-to-create-a-breakout-game-with-box2d-and-cocos2d-2-x-tutorial-part-1},
	Author = {Ray Wenderlich},
	Date-Added = {2013-04-29 16:27:58 +0000},
	Date-Modified = {2013-04-29 22:01:36 +0000},
	Keywords = {break out},
	Lastchecked = {2013},
	Title = {Breakout},
	Url = {http://www.raywenderlich.com/28604/how-to-create-a-breakout-game-with-box2d-and-cocos2d-2-x-tutorial-part-1},
	Urldate = {2012},
	Bdsk-Url-1 = {http://www.raywenderlich.com/28604/how-to-create-a-breakout-game-with-box2d-and-cocos2d-2-x-tutorial-part-1}}

@url{corelfreestyle,
	Annote = {http://www.corel.com/corel/pages/index.jsp?pgid=14500169&storeKey=us&languageCode=en},
	Author = {{Corel Corporation}},
	Date-Added = {2013-04-29 16:13:50 +0000},
	Date-Modified = {2013-05-01 18:44:15 +0000},
	Keywords = {Corel Freestyle},
	Title = {Corel Freestyle},
	Url = {http://www.corel.com},
	Bdsk-Url-1 = {http://www.corel.com}}

@article{journalsaimLash08,
	Author = {Martha Lash},
	Date-Added = {2012-05-12 20:13:56 +0000},
	Date-Modified = {2012-05-12 20:14:04 +0000},
	Journal = {Early Childhood Education Journal},
	Number = {1},
	Pages = {33-38},
	Title = {Classroom Community and Peer Culture in Kindergarten},
	Url = {http://www.springerlink.com/content/8rg20t17q4w07x38/},
	Volume = {36},
	Year = {2008},
	Bdsk-Url-1 = {http://www.springerlink.com/content/8rg20t17q4w07x38/}}

@inproceedings{Colella98,
	Author = {Vanessa Colella and Richard Borovoy and Mitchel Resnick},
	Booktitle = {Proceedings of ACM CHI 98 Conference on Human Factors in Computing Systems},
	Date-Added = {2012-05-12 20:06:01 +0000},
	Date-Modified = {2012-05-12 20:07:00 +0000},
	Keywords = {Children, Education, CSCL, Augmented reality},
	Title = {Participatory Simulations: Using Computational Objects to Learn about Dynamic Systems},
	Year = {1998}}

@article{journalsjcalScottMI03,
	Author = {Stacey D. Scott and Regan L. Mandryk and Kori Inkpen},
	Bibdate = {2005-07-11},
	Bibsource = {DBLP, http://dblp.uni-trier.de/db/journals/jcal/jcal19.html#ScottMI03},
	Date-Added = {2012-05-12 19:42:42 +0000},
	Date-Modified = {2012-05-12 19:58:32 +0000},
	Journal = {J. Comp. Assisted Learning},
	Number = {2},
	Pages = {220--228},
	Title = {Understanding children's collaborative interactions in shared environments},
	Url = {http://dx.doi.org/10.1046/j.0266-4909.2003.00022.x},
	Volume = {19},
	Year = {2003},
	Bdsk-Url-1 = {http://dx.doi.org/10.1046/j.0266-4909.2003.00022.x}}

@article{Bailey:2008:APP:1348811.1348816,
	Acmid = {1348816},
	Address = {London, UK, UK},
	Author = {Bailey, Brian P. and Biehl, Jacob T. and Cook, Damon J. and Metcalf, Heather E.},
	Date-Added = {2012-05-12 19:35:59 +0000},
	Date-Modified = {2012-05-12 19:35:59 +0000},
	Doi = {10.1007/s00779-007-0147-2},
	Issn = {1617-4909},
	Issue_Date = {January 2008},
	Journal = {Personal Ubiquitous Comput.},
	Keywords = {Multiple display environments, Paper prototyping, Rapid prototyping, User interface design},
	Month = jan,
	Number = {3},
	Numpages = {9},
	Pages = {269--277},
	Publisher = {Springer-Verlag},
	Title = {Adapting paper prototyping for designing user interfaces for multiple display environments},
	Url = {http://dx.doi.org/10.1007/s00779-007-0147-2},
	Volume = {12},
	Year = {2008},
	Bdsk-Url-1 = {http://dx.doi.org/10.1007/s00779-007-0147-2}}

@url{mitLic,
	Author = {{Open Source Initiative OSI}},
	Date-Added = {2012-05-12 19:14:43 +0000},
	Date-Modified = {2013-05-01 18:40:53 +0000},
	Keywords = {Open Source License},
	Lastchecked = {May 12th 2012},
	Month = {2012},
	Title = {The MIT License},
	Url = {http://www.opensource.org/licenses/mit-license.php},
	Urldate = {May 12th 2012},
	Bdsk-Url-1 = {http://www.opensource.org/licenses/mit-license.php}}

@book{0849380863,
	Author = {Ferdinand Wagner and Ruedi Schmuki and Thomas Wagner and Peter Wolstenholme},
	Date-Added = {2012-05-12 18:59:55 +0000},
	Date-Modified = {2012-05-12 18:59:55 +0000},
	Isbn = {0849380863},
	Publisher = {Auerbach Publications},
	Title = {Modeling Software with Finite State Machines: A Practical Approach},
	Url = {http://www.amazon.com/Modeling-Software-Finite-State-Machines/dp/0849380863%3FSubscriptionId%3D0JYN1NVW651KCA56C102%26tag%3Dtechkie-20%26linkCode%3Dxm2%26camp%3D2025%26creative%3D165953%26creativeASIN%3D0849380863},
	Year = {2006},
	Bdsk-Url-1 = {http://www.amazon.com/Modeling-Software-Finite-State-Machines/dp/0849380863%3FSubscriptionId%3D0JYN1NVW651KCA56C102%26tag%3Dtechkie-20%26linkCode%3Dxm2%26camp%3D2025%26creative%3D165953%26creativeASIN%3D0849380863}}

@article{Chris,
	Author = {Chris},
	Date-Added = {2012-05-10 17:14:50 +0000},
	Date-Modified = {2012-05-10 17:15:26 +0000},
	Journal = {Institution of Not Enough Time},
	Title = {Overworked and Underpaid},
	Year = {2012}}

@article{robyn,
	Author = {Robyn},
	Date-Added = {2012-05-10 17:14:09 +0000},
	Date-Modified = {2013-05-01 18:44:42 +0000},
	Journal = {Newark Terrible School System},
	Title = {Awesome for helping with terrible grammar},
	Year = {2012}}

@article{Druin02therole,
	Author = {Allison Druin},
	Date-Added = {2012-05-09 22:15:59 +0000},
	Date-Modified = {2012-05-09 22:15:59 +0000},
	Journal = {Behaviour and Information Technology},
	Pages = {1--25},
	Title = {The role of children in the design of new technology},
	Volume = {21},
	Year = {2002}}

@inproceedings{Druin:1999:CID:302979.303166,
	Acmid = {303166},
	Address = {New York, NY, USA},
	Author = {Druin, Allison},
	Booktitle = {Proceedings of the SIGCHI conference on Human factors in computing systems: the CHI is the limit},
	Date-Added = {2012-05-09 21:55:46 +0000},
	Date-Modified = {2012-05-09 21:55:46 +0000},
	Doi = {10.1145/302979.303166},
	Isbn = {0-201-48559-1},
	Keywords = {KidPad, PETS, children, cooperative design, cooperative inquiry, design techniques, educational applications, intergenerational design team, participatory design},
	Location = {Pittsburgh, Pennsylvania, United States},
	Numpages = {8},
	Pages = {592--599},
	Publisher = {ACM},
	Series = {CHI '99},
	Title = {Cooperative inquiry: developing new technologies for children with children},
	Url = {http://doi.acm.org/10.1145/302979.303166},
	Year = {1999},
	Bdsk-Url-1 = {http://doi.acm.org/10.1145/302979.303166},
	Bdsk-Url-2 = {http://dx.doi.org/10.1145/302979.303166}}

@inproceedings{Merrill:2007:STS:1226969.1226984,
	Acmid = {1226984},
	Address = {New York, NY, USA},
	Author = {Merrill, David and Kalanithi, Jeevan and Maes, Pattie},
	Booktitle = {Proceedings of the 1st international conference on Tangible and embedded interaction},
	Date-Added = {2012-05-09 20:12:46 +0000},
	Date-Modified = {2012-05-09 20:12:46 +0000},
	Doi = {10.1145/1226969.1226984},
	Isbn = {978-1-59593-619-6},
	Keywords = {sensor network, sensor network user interface (SNUI), siftable computing interface, tangible user interface (TUI)},
	Location = {Baton Rouge, Louisiana},
	Numpages = {4},
	Pages = {75--78},
	Publisher = {ACM},
	Series = {TEI '07},
	Title = {Siftables: towards sensor network user interfaces},
	Url = {http://doi.acm.org/10.1145/1226969.1226984},
	Year = {2007},
	Bdsk-Url-1 = {http://doi.acm.org/10.1145/1226969.1226984},
	Bdsk-Url-2 = {http://dx.doi.org/10.1145/1226969.1226984}}

@article{Guha:2005:WYC:1039539.1039567,
	Acmid = {1039567},
	Address = {New York, NY, USA},
	Author = {Guha, Mona Leigh and Druin, Allison and Chipman, Gene and Fails, Jerry Alan and Simms, Sante and Farber, Allison},
	Date-Added = {2012-05-09 20:02:36 +0000},
	Date-Modified = {2012-05-09 20:02:36 +0000},
	Doi = {10.1145/1039539.1039567},
	Issn = {0001-0782},
	Issue_Date = {January 2005},
	Journal = {Commun. ACM},
	Month = jan,
	Number = {1},
	Numpages = {4},
	Pages = {39--42},
	Publisher = {ACM},
	Title = {Working with young children as technology design partners},
	Url = {http://doi.acm.org/10.1145/1039539.1039567},
	Volume = {48},
	Year = {2005},
	Bdsk-Url-1 = {http://doi.acm.org/10.1145/1039539.1039567},
	Bdsk-Url-2 = {http://dx.doi.org/10.1145/1039539.1039567}}

@inproceedings{Walsh:2010:LEN:1753326.1753512,
	Acmid = {1753512},
	Address = {New York, NY, USA},
	Author = {Walsh, Greg and Druin, Alison and Guha, Mona Leigh and Foss, Elizabeth and Golub, Evan and Hatley, Leshell and Bonsignore, Elizabeth and Franckel, Sonia},
	Booktitle = {Proceedings of the 28th international conference on Human factors in computing systems},
	Date-Added = {2012-05-09 19:58:26 +0000},
	Date-Modified = {2012-05-09 19:58:26 +0000},
	Doi = {10.1145/1753326.1753512},
	Isbn = {978-1-60558-929-9},
	Keywords = {children, co-design, cooperative inquiry, layered elaboration, low-tech prototyping, storyboarding},
	Location = {Atlanta, Georgia, USA},
	Numpages = {4},
	Pages = {1237--1240},
	Publisher = {ACM},
	Series = {CHI '10},
	Title = {Layered elaboration: a new technique for co-design with children},
	Url = {http://doi.acm.org/10.1145/1753326.1753512},
	Year = {2010},
	Bdsk-Url-1 = {http://doi.acm.org/10.1145/1753326.1753512},
	Bdsk-Url-2 = {http://dx.doi.org/10.1145/1753326.1753512}}

@inproceedings{Guha:2004:MIN:1017833.1017838,
	Acmid = {1017838},
	Address = {New York, NY, USA},
	Author = {Guha, Mona Leigh and Druin, Allison and Chipman, Gene and Fails, Jerry Alan and Simms, Sante and Farber, Allison},
	Booktitle = {Proceedings of the 2004 conference on Interaction design and children: building a community},
	Date-Added = {2012-05-09 19:57:26 +0000},
	Date-Modified = {2012-05-09 19:57:26 +0000},
	Doi = {10.1145/1017833.1017838},
	Isbn = {1-58113-791-5},
	Keywords = {children, cooperative inquiry, design methods, participatory design},
	Location = {Maryland},
	Numpages = {8},
	Pages = {35--42},
	Publisher = {ACM},
	Series = {IDC '04},
	Title = {Mixing ideas: a new technique for working with young children as design partners},
	Url = {http://doi.acm.org/10.1145/1017833.1017838},
	Year = {2004},
	Bdsk-Url-1 = {http://doi.acm.org/10.1145/1017833.1017838},
	Bdsk-Url-2 = {http://dx.doi.org/10.1145/1017833.1017838}}

@inproceedings{Reed:2004:AMU:1151433.1151439,
	Acmid = {1151439},
	Address = {New York, NY, USA},
	Author = {Reed, Karl and Damiani, Ernesto and Gianini, Gabriele and Colombo, Alberto},
	Booktitle = {Proceedings of the 2004 workshop on Quantitative techniques for software agile process},
	Date-Added = {2012-05-09 19:08:01 +0000},
	Date-Modified = {2012-05-09 19:08:01 +0000},
	Doi = {10.1145/1151433.1151439},
	Location = {Newport Beach, California},
	Numpages = {6},
	Pages = {40--45},
	Publisher = {ACM},
	Series = {QUTE-SWAP '04},
	Title = {Agile management of uncertain requirements via generalizations: a case study},
	Url = {http://doi.acm.org/10.1145/1151433.1151439},
	Year = {2004},
	Bdsk-Url-1 = {http://doi.acm.org/10.1145/1151433.1151439},
	Bdsk-Url-2 = {http://dx.doi.org/10.1145/1151433.1151439}}

@article{Faber_2002,
	Author = {Brenton D. Faber},
	Date-Added = {2012-05-09 19:04:47 +0000},
	Date-Modified = {2012-05-09 19:05:49 +0000},
	Journal = {ACM},
	Title = {Educational models and open source: resisting the proprietary university},
	Year = {2002}}

@article{Southern_2003,
	Author = {Southern, Matt and Turner, Jim},
	Date-Added = {2012-05-09 19:01:17 +0000},
	Date-Modified = {2012-05-09 19:02:17 +0000},
	Journal = {Proceedings of the 2003 conference on Interaction design and children},
	Title = {Creating a collaborative learning environment for children},
	Year = {2003}}

@book{Beck_1999,
	Author = {Beck, K.},
	Date-Added = {2012-05-09 18:54:18 +0000},
	Date-Modified = {2012-05-09 18:55:12 +0000},
	Publisher = {Addison-Wesley},
	Title = {Extreme Programming Explained: Embrace Change.},
	Year = {1999}}

@article{Lee_2000,
	Author = {Lee, C.D. and Smagorinsky, P.},
	Date-Added = {2012-05-09 16:25:32 +0000},
	Date-Modified = {2012-05-09 16:25:42 +0000},
	Journal = {Cambridge University Press},
	Title = {Vygotskian perspectives on literacy research: Constructing meaning through collaborative inquiry},
	Year = {2000}}

@book{Tomlinson_1999,
	Author = {Tomlinson, Carol Ann.},
	Date-Added = {2012-05-09 16:08:08 +0000},
	Date-Modified = {2012-05-09 16:09:02 +0000},
	Publisher = {Association for Supervision and Curriculum Development},
	Title = {The Differentiated Classroom: Responding to the Needs of All Learners},
	Year = {1999}}

@book{Revenson_1996,
	Author = {Revenson, Tracey A. and Singer, Dorothy G.},
	Date-Added = {2012-05-09 16:07:20 +0000},
	Date-Modified = {2012-05-09 16:08:07 +0000},
	Publisher = {Penguin Books},
	Title = {A Piaget Primer: How a Child Thinks},
	Year = {1996}}

@book{Gardner_1999,
	Author = {Gardner, Howard},
	Date-Added = {2012-05-09 16:06:10 +0000},
	Date-Modified = {2012-05-09 16:07:15 +0000},
	Publisher = {Basic Books},
	Title = {Intelligence Reframed: Multiple Intelligences for the 21st Century},
	Year = {1999}}

@article{Forman_1993,
	Author = {Forman, Ellice A. and Minick, Norris and Stone, C. Addison.},
	Date-Added = {2012-05-09 16:05:14 +0000},
	Date-Modified = {2012-05-09 16:16:03 +0000},
	Journal = {Oxford University Press},
	Title = {Contexts for Learning: Sociocultural Dynamics in Children's Development},
	Year = {1993}}

@article{Bruner_2003,
	Author = {Bruner, Jerome S.},
	Date-Added = {2012-05-09 15:37:19 +0000},
	Date-Modified = {2012-05-09 16:01:52 +0000},
	Journal = {Harvard University Press},
	Rating = {1},
	Title = {The Process of Education: A Landmark in Educational Theory},
	Year = {2003}}

@url{LeapMotion,
	Abstract = {LeapMotion product information, API, SDK},
	Annote = {LeapMotion},
	Author = {{Leap Motion Inc.}},
	Date-Added = {2013-04-27 20:02:26 +0000},
	Date-Modified = {2013-05-01 18:45:34 +0000},
	Keywords = {LeapMotion},
	Month = {April},
	Title = {LeapMotion},
	Url = {http://www.leapMotion.com},
	Urldate = {April 2013},
	Year = {2013},
	Bdsk-Url-1 = {http://www.leapMotion.com}}

@url{doxygen,
	Author = {Doxygen},
	Date-Added = {2013-04-27 19:18:21 +0000},
	Date-Modified = {2013-04-29 16:10:47 +0000},
	Keywords = {Doxygen},
	Month = {April},
	Title = {Doxygen},
	Url = {doxygen.org},
	Year = {2013},
	Bdsk-Url-1 = {doxygen.org}}

@book{0136061699,
	Author = {Shari Lawrence Pfleeger and Joanne M. Atlee},
	Isbn = {0136061699},
	Publisher = {Prentice Hall},
	Title = {Software Engineering: Theory and Practice (4th Edition)},
	Url = {http://www.amazon.com/Software-Engineering-Theory-Practice-Edition/dp/0136061699%3FSubscriptionId%3D0JYN1NVW651KCA56C102%26tag%3Dtechkie-20%26linkCode%3Dxm2%26camp%3D2025%26creative%3D165953%26creativeASIN%3D0136061699},
	Year = {2009},
	Bdsk-Url-1 = {http://www.amazon.com/Software-Engineering-Theory-Practice-Edition/dp/0136061699%3FSubscriptionId%3D0JYN1NVW651KCA56C102%26tag%3Dtechkie-20%26linkCode%3Dxm2%26camp%3D2025%26creative%3D165953%26creativeASIN%3D0136061699}}
